<collection xmlns="http://www.loc.gov/MARC21/slim">
   <record>
      <leader>06357nam a2200589 i 4500</leader>
      <controlfield tag="001">6790082</controlfield>
      <controlfield tag="005">20150117143645.0</controlfield>
      <controlfield tag="006">m    eo  d        </controlfield>
      <controlfield tag="007">cr cn |||m|||a</controlfield>
      <controlfield tag="008">150117s2015    caua   foab   000 0 eng d</controlfield>
      <datafield ind1=" " ind2=" " tag="020">
         <subfield code="a">9781627055147</subfield>
         <subfield code="q">ebook</subfield>
      </datafield>
      <datafield ind1=" " ind2=" " tag="020">
         <subfield code="z">9781627055130</subfield>
         <subfield code="q">print</subfield>
      </datafield>
      <datafield ind1="7" ind2=" " tag="024">
         <subfield code="a">10.2200/S00616ED1V01Y201411BME054</subfield>
         <subfield code="2">doi</subfield>
      </datafield>
      <datafield ind1=" " ind2=" " tag="035">
         <subfield code="a">ocn900166010</subfield>
      </datafield>
      <datafield ind1=" " ind2=" " tag="039">
         <subfield code="a">exclude</subfield>
      </datafield>
      <datafield ind1=" " ind2=" " tag="040">
         <subfield code="a">CaBNVSL</subfield>
         <subfield code="b">eng</subfield>
         <subfield code="e">rda</subfield>
         <subfield code="c">CaBNVSL</subfield>
         <subfield code="d">CaBNVSL</subfield>
         <subfield code="d">AEU</subfield>
      </datafield>
      <datafield ind1=" " ind2="4" tag="050">
         <subfield code="a">QH513</subfield>
         <subfield code="b">.S286 2015</subfield>
      </datafield>
      <datafield ind1="0" ind2="4" tag="082">
         <subfield code="a">571.43</subfield>
         <subfield code="2">23</subfield>
      </datafield>
      <datafield ind1=" " ind2=" " tag="090">
         <subfield code="a">Internet Access</subfield>
         <subfield code="b">AEU</subfield>
      </datafield>
      <datafield ind1="1" ind2=" " tag="100">
         <subfield code="a">Saunders, Marnie M.,</subfield>
         <subfield code="e">author.</subfield>
         <subfield code="0">http://id.loc.gov/authorities/names/no2015005718</subfield>
         <subfield code="0">http://viaf.org/viaf/313496509</subfield>
      </datafield>
      <datafield ind1="1" ind2="0" tag="245">
         <subfield code="a">Mechanical testing for the biomechanical engineer :</subfield>
         <subfield code="b">a practical guide /</subfield>
         <subfield code="c">Marnie M. Saunders.</subfield>
      </datafield>
      <datafield ind1="1" ind2=" " tag="246">
         <subfield code="i">Title from web site:</subfield>
         <subfield code="a">Mechanical testing for the biomechanics engineer.</subfield>
      </datafield>
      <datafield ind1=" " ind2="1" tag="264">
         <subfield code="a">San Rafael, California (1537 Fourth Street, San Rafael, CA  94901 USA) :</subfield>
         <subfield code="b">Morgan &amp; Claypool,</subfield>
         <subfield code="c">2015.</subfield>
      </datafield>
      <datafield ind1=" " ind2=" " tag="300">
         <subfield code="a">1 online resource (xix, 256 pages) :</subfield>
         <subfield code="b">illustrations.</subfield>
      </datafield>
      <datafield ind1=" " ind2=" " tag="336">
         <subfield code="a">text</subfield>
         <subfield code="2">rdacontent</subfield>
         <subfield code="0">http://id.loc.gov/vocabulary/contentTypes/txt</subfield>
      </datafield>
      <datafield ind1=" " ind2=" " tag="337">
         <subfield code="a">electronic</subfield>
         <subfield code="2">isbdmedia</subfield>
      </datafield>
      <datafield ind1=" " ind2=" " tag="338">
         <subfield code="a">online resource</subfield>
         <subfield code="2">rdacarrier</subfield>
         <subfield code="0">http://id.loc.gov/vocabulary/carriers/cr</subfield>
      </datafield>
      <datafield ind1="1" ind2=" " tag="490">
         <subfield code="a">Synthesis lectures on biomedical engineering,</subfield>
         <subfield code="x">1930-0336 ;</subfield>
         <subfield code="v"># 54</subfield>
      </datafield>
      <datafield ind1=" " ind2=" " tag="500">
         <subfield code="a">Part of: Synthesis digital library of engineering and computer science.</subfield>
      </datafield>
      <datafield ind1=" " ind2=" " tag="504">
         <subfield code="a">Includes bibliographical references (pages 243-254).</subfield>
      </datafield>
      <datafield ind1="0" ind2=" " tag="505">
         <subfield code="a">1. Fundamentals -- 1.1 Basic mechanics -- 1.1.1 Mechanical properties -- 1.1.2 Loading modes -- 1.1.3 Material properties and degree of anisotropy -- 1.1.4 Fracture and fatigue -- 1.1.5 Viscoelasticity -- 1.1.6 Complex stress states -- 1.1.7 Significant digits --</subfield>
      </datafield>
      <datafield ind1="8" ind2=" " tag="505">
         <subfield code="a">2. Accuracy and measurement tools -- 2.1 Accuracy and precision -- 2.2 Measurement tools -- 2.2.1 Steel rule -- 2.2.2 Calipers -- 2.2.3 Micrometers -- 2.2.4 Vernier scales -- 2.2.5 Additional measurement equipment -- 2.2.6 Handling issues -- 2.2.7 A practical note --</subfield>
      </datafield>
      <datafield ind1="8" ind2=" " tag="505">
         <subfield code="a">3. Design -- 3.1 Mechanical drawing -- 3.2 Machining -- 3.2.1 Machine shop safety -- 3.2.2 Stock materials -- 3.2.3 Design layout -- 3.2.4 The equipment -- 3.2.5 Threading -- 3.2.6 Fixture fabrication example --</subfield>
      </datafield>
      <datafield ind1="8" ind2=" " tag="505">
         <subfield code="a">4. Testing machine design and fabrication -- 4.1 Mechanical testing -- 4.1.1 Force measurement -- 4.1.2 Displacement measurement -- 4.2 Fabrication of a simple loading platform -- 4.2.1 Mechanical testing platforms -- 4.2.2 Development of a simple platform -- 4.2.3 Additional linear applications -- 4.3 Expanding the simple platform beyond axial motion -- 4.3.1 Torsion --</subfield>
      </datafield>
      <datafield ind1="8" ind2=" " tag="505">
         <subfield code="a">5. Fixture design and applications -- 5.1 Test fixtures -- 5.1.1 Design considerations -- 5.2 Fixture design and development -- 5.2.1 Bending fixtures -- 5.2.2 Tension fixtures -- 5.2.3 Compression fixtures -- 5.2.4 Torsion fixtures -- 5.2.5 Shear applications -- 5.2.6 Miscellaneous holders -- 5.2.7 Repurposing existing fixtures --</subfield>
      </datafield>
      <datafield ind1="8" ind2=" " tag="505">
         <subfield code="a">6. Additional considerations in a biomechanics test -- 6.1 Additional design considerations -- 6.1.1 Know the literature -- 6.1.2 ASTM standards -- 6.1.3 Model selection -- 6.1.4 Tissue care -- 6.1.5 Equipment -- 6.1.6 Specimen attachment -- 6.1.7 Potting media -- 6.1.8 Potting alignment -- 6.1.9 Potting and testing molds -- 6.1.10 Removing molds -- 6.1.11 Small-scale specimen preparation -- 6.1.12 Material selection -- 6.1.13 Data analysis --</subfield>
      </datafield>
      <datafield ind1="8" ind2=" " tag="505">
         <subfield code="a">7. Laboratory examples and additional equations --</subfield>
      </datafield>
      <datafield ind1="8" ind2=" " tag="505">
         <subfield code="a">8. Appendices: practical orthopaedic biomechanics problems -- 8.1 Example 1: Implant design: prototype, benchtop analysis -- 8.1.1 The problem -- 8.1.2 Goal -- 8.1.3 Solution -- 8.1.4 Method -- 8.1.5 Key study concepts -- 8.2 Example 2: Cadaveric comparison of allograft fixation techniques -- 8.2.1 The problem -- 8.2.2 Goal -- 8.2.3 Solution -- 8.2.4 Method -- 8.2.5 Results -- 8.2.6 Study limitations -- 8.2.7 Key study concepts -- 8.3 Example 3: Bone removal location effect in autografting: assessing fracture risk -- 8.3.1 The problem -- 8.3.2 Goal -- 8.3.3 Method -- 8.3.4 Key study concepts -- 8.4 Example 4: Diaphyseal femur fracture after proximal and distal fixation -- 8.4.1 The problem -- 8.4.2 Goal -- 8.4.3 Method -- 8.4.4 The solution -- 8.4.5 Results -- 8.4.6 Study limitations -- 8.4.7 Key study concepts -- 8.5 Example 5: Cellular biomechanics: mechanical platforms for mechanobiology -- 8.5.1 The need -- 8.5.2 Method --</subfield>
      </datafield>
      <datafield ind1="8" ind2=" " tag="505">
         <subfield code="a">Bibliography -- Author biography.</subfield>
      </datafield>
      <datafield ind1=" " ind2=" " tag="506">
         <subfield code="a">Access restricted to authorized users and institutions.</subfield>
      </datafield>
      <datafield ind1="3" ind2=" " tag="520">
         <subfield code="a">Mechanical testing is a useful tool in the field of biomechanics. Classic biomechanics employs mechanical testing for a variety of purposes. For instance, testing may be used to determine the mechanical properties of bone under a variety of loading modes and various conditions including age and disease state. In addition, testing may be used to assess fracture fixation procedures to justify clinical approaches. Mechanical testing may also be used to test implants and biomaterials to determine mechanical strength and appropriateness for clinical purposes. While the information from a mechanical test will vary, there are basics that need to be understood to properly conduct mechanical testing. This book will attempt to provide the reader not only with the basic theory of conducting mechanical testing, but will also focus on providing practical insights and examples.</subfield>
      </datafield>
      <datafield ind1=" " ind2=" " tag="588">
         <subfield code="a">Title from PDF title page (viewed on January 17, 2015).</subfield>
      </datafield>
      <datafield ind1=" " ind2=" " tag="596">
         <subfield code="a">44</subfield>
      </datafield>
      <datafield ind1=" " ind2="0" tag="650">
         <subfield code="a">Biomechanics.</subfield>
         <subfield code="0">http://id.loc.gov/authorities/subjects/sh85014236</subfield>
      </datafield>
      <datafield ind1=" " ind2="0" tag="650">
         <subfield code="a">Testing.</subfield>
         <subfield code="0">http://id.loc.gov/authorities/subjects/sh85134146</subfield>
      </datafield>
      <datafield ind1=" " ind2=" " tag="758">
         <subfield code="0">http://worldcat.org/entity/work/id/3770804079</subfield>
      </datafield>
      <datafield ind1="0" ind2=" " tag="787">
         <subfield code="n">OCLC Work Id</subfield>
         <subfield code="o">http://worldcat.org/entity/work/id/3770804079</subfield>
      </datafield>
      <datafield ind1=" " ind2="0" tag="830">
         <subfield code="a">Synthesis digital library of engineering and computer science.</subfield>
         <subfield code="0">http://id.loc.gov/authorities/names/n2016188085</subfield>
      </datafield>
      <datafield ind1=" " ind2="0" tag="830">
         <subfield code="a">Synthesis lectures on biomedical engineering ;</subfield>
         <subfield code="v"># 54.</subfield>
         <subfield code="x">1930-0336</subfield>
      </datafield>
      <datafield ind1="4" ind2="0" tag="856">
         <subfield code="3">University of Alberta Access</subfield>
         <subfield code="u">http://dx.doi.org/10.2200/S00616ED1V01Y201411BME054</subfield>
      </datafield>
      <datafield ind1=" " ind2=" " tag="949">
         <subfield code="h">UAIN</subfield>
         <subfield code="z">SYNTHDIG</subfield>
      </datafield>
      <datafield ind1=" " ind2=" " tag="926">
         <subfield code="a">Internet Access</subfield>
         <subfield code="w">LC</subfield>
         <subfield code="c">1</subfield>
         <subfield code="i">6790082-1001</subfield>
         <subfield code="l">INTERNET</subfield>
         <subfield code="m">UAINTERNET</subfield>
         <subfield code="r">Y</subfield>
         <subfield code="s">Y</subfield>
         <subfield code="t">E-RESOURCE</subfield>
         <subfield code="u">1/28/2015</subfield>
         <subfield code="x">E-BOOK</subfield>
         <subfield code="z">SYNTHDIG</subfield>
      </datafield>
   </record>
</collection>
